@article{structural_analysis:1,
       author={Misha Sharir},
       title={Structural Analysis: A new approach to Flow Analysis in Optimizing Compilers}
     }

@article{division:2,
       author={Torbj√∂rn Granlund and Peter L. Montgomery},
       title={Division by Invariant integers using Multiplication}
       }

@misc{wiki1:3,
       title={{Wikipedia-Artikel zu Kontrollflussgraphen}},
       howpublished={http://de.wikipedia.org/wiki/Kontrollflussgraph},
       note={Eingesehen am 4.11.2014}
}